@book{A01,
    title = {Linux Device Driver 3rd Edition},
    author = {Jonathan Corbet and Alessandro Rubini and Greg Kroah-Hartman},
    year = {2005},
    publisher = {O’Reilly Media Inc. 1005 Gravenstein Highway North Sebastopol CA 95472},
    Url = {https://lwn.net/Kernel/LDD3/},
    keywords = {Linux, kernel, programming, module}
}

@book{A02,
    title = {Linux Kernel Module Programming Guide},
    author = {Peter Jay Salzman and Michael Burian and Ori Pomerantz},
    year = {2007},
    publisher = {Free Book},
    Url = {http://www.tldp.org/LDP/lkmpg/2.6/html/},
    keywords = {Linux, kernel, programming, module}
}

@book{A03,
    title = {Linux System Programming},
    author = {Robert Love},
    year = {2007},
    publisher = {O'Reilly Media Inc. 1005 Gravenstein Highway North Sebastopol CA 95472},
    Url = {http://igm.univ-mlv.fr/~yahya/progsys/linux.pdf},
    keywords = {Linux, system, programming, module}
}

@online{C01,
    author = "Openwall",
    license = "CC Attribution-Noncommercial-Share Alike 3.0 Unported",
    title = "Openwall Community Wiki",
    url  = "https://openwall.info/wiki/p_lkrg/Main"
}

@online{C02,
    author = "Proidea Events",
    license = "© 2018 YouTube",
    title = "CONFidence 2018: Linux Kernel Runtime Guard (LKRG) under the hood",
    url  = "https://www.youtube.com/watch?v=tOiPM692DOM"
}

@online{C03,
    author = "Linus Torvald",
    license = "© 2018 GitHub Inc",
    title = "Linus Torvald - GitHub",
    url  = "https://github.com/torvalds/linux/"
}

@online{C04,
    author = "U.S. Naval Academy",
    license = "Government Entity",
    title = "System Programming",
    url  = "https://www.usna.edu/Users/cs/aviv/classes/ic221/s16/lec/11/lec.html"
}

@online{C05,
    author = "Ian Wienand",
    license = "© Technovelty 2018",
    title = "PLT and GOT - the key to code sharing and dynamic libraries",
    url  = "https://www.technovelty.org/linux/plt-and-got-the-key-to-code-sharing-and-dynamic-libraries.html"
}

@online{C05,
    author = "Ariane Keller",
    license = "© The Linux Documentation Project, 1992-2013",
    title = "Kernel space, User space interfaces",
    url  = "http://wiki.tldp.org/kernel_user_space_howto"
}
